


%% Saved with string encoding Unicode (UTF-8) 


@article{Brown2012,
	Author = {C Titus Brown and Adina Howe and Qingpeng Zhang and Alexis B Pyrkosz and Timothy H Brom}, 
	Journal = {arXiv e-print 1203.4802},
	Month = {May},
	Number = { },
	Title = {A reference-free algorithm for computational normalization of shotgun sequencing data},
	Volume = { },
	Year = {2012}
} 